
@article{a,
	Author={Institut National du Cancer},
	title={Dictionnaire-Tumeur},	
	journal={https://www.e-cancer.fr/Dictionnaire/T/tumeur} 
	}
\\	

@article{b,
	author={Charles Duyckaerts,Pierre Fouret, Jean-Jacques Hauw},
	year={2002, 2003},
	title={Chapitre 4- Pathologie tumorale},
	publisher={Médecine Sorbonne Université},	
    journal={ http://www.chups.jussieu.fr/polys/anapath/Cours/POLY.Chp.4.html } 
	}
\\
 @article{ c, 
    author = {Douglas Hanahan, Robert A. Weinberg},
    publisher= {Elsevier},
    journal = {Cell},
    pages = {2},
    title = {Hallmarks of Cancer: The Next Generation},
    year = {2011}
}

\\	
@article{d,
  title={The 2007 WHO Classification of Tumours of the Central Nervous System},
  author={Cavenee, Peter C Burger and Jouvet, Anne and Scheithauer, Bernd W},
  journal={Acta Neuropathol},
  volume={114},
  pages={97--109},
  year={2007}
}
 \\
 
@article{e,
  title={The 2016 World Health Organization classification of tumors of the central nervous system: a summary},
  author={Louis, David N and Perry, Arie and Reifenberger, Guido and Von Deimling, Andreas and Figarella-Branger, Dominique and Cavenee, Webster K and Ohgaki, Hiroko and Wiestler, Otmar D and Kleihues, Paul and Ellison, David W},
  journal={Acta neuropathologica},
  volume={131},
  number={6},
  pages={804, 809,810},
  year={2016},
  publisher={Springer}
}
\\	
@article{f,
  title={Virtual and real brain tumors: using mathematical modeling to quantify glioma growth and invasion},
  author={Swanson, Kristin R and Bridge, Carly and Murray, JD and Alvord Jr, Ellsworth C},
  journal={Journal of the neurological sciences},
  volume={216},
  number={1},
  pages={1--8},
  year={2003},
  publisher={Elsevier}
}
\\

@article{g,
  title={The biology and mathematical modelling of glioma invasion: a review},
  author={Alfonso, JCL and Talkenberger, K and Seifert, M and Klink, B and Hawkins-Daarud, A and Swanson, KR and Hatzikirou, H and Deutsch, A},
  journal={Journal of the Royal Society Interface},
  volume={14},
  number={136},
  pages={3,7,11},
  year={2017},
  publisher={The Royal Society}
}
\\
@article{h,
  title={Cancer and radiation therapy: current advances and future directions},
  author={Baskar, Rajamanickam and Lee, Kuo Ann and Yeo, Richard and Yeoh, Kheng-Wei},
  journal={International journal of medical sciences},
  volume={9},
  number={3},
  pages={194, 196, 197},
  year={2012},
  publisher={Ivyspring International Publisher}
}

\\	
@article{ i, 
    Author = {Victor M. Perez-Garcia, Susan Fitzpatrick, Luis A. Perez-Romasanta, Milica Pesic, Philippe Schucht, Estanislao Arana, Pilar Sanchez-Gomez},
    Publisher= { CrossMark},
    Journal = { UP4 Institute of Sciences},
    Pages = {430, 431, 432},
    Title = {Applied mathematics and nonlinear sciences in the war on cancer},
    Year = {2016}
}
\\
@article{j,
  title={Oedema-based model for diffuse low-grade gliomas: application to clinical cases under radiotherapy},
  author={Badoual, M and Gerin, C and Deroulers, C and Grammaticos, B and Llitjos, J-F and Oppenheim, C and Varlet, P and Pallud, J},
  journal={Cell proliferation},
  volume={47},
  number={4},
  pages={369,370,371,372,373,375,376},
  year={2014},
  publisher={Wiley Online Library}
}		
\\

@article{k,
  title={Delay effects in the response of low-grade gliomas to radiotherapy: a mathematical model and its therapeutical implications},
  author={Perez-Garcia, Victor M and Bogdanska, Magdalena and Martinez-Gonzalez, Alicia and Belmonte-Beitia, Juan and Schucht, Philippe and Perez-Romasanta, Luis A},
  journal={Mathematical medicine and biology: A journal of the IMA},
  volume={32},
  number={3},
  pages={308, 309, 311},
  year={2015},
  publisher={Oxford University Press}
}
\\	

	
@article{l,
  title={Mathematical biology: I. An introduction},
  author={Murray, James D},
  volume={17},
  year={2007},
  publisher={Springer Science \& Business Media}
}
\\
@article{ m,
  title={Numerical recipes in C},
  author={Flannery, Brian P and Press, William H and Teukolsky, Saul A and Vetterling, William},
  journal={Press Syndicate of the University of Cambridge, New York},
  volume={24},
  number={78},
  pages={74},
  year={1992}
}
\\
@article{n,
	title={Modélisation de deux aspects des gliomes de bas-grade : in vitro, l'agrégation de cellules et chez des patients, l'effet de la radiothérapie},
	author={Léo Adenis, Thèse de doctorat de Physique} ,
	year={2020},
	pages={Partie 3: 80--93}	
}
\\

	